@electronic { eset_trends,
  title         = {Trends 2014 -- The Challenge of Internet Privacy},
  url           = {http://www.welivesecurity.com/wp-content/uploads/2013/12/Annual-Threat-Trends-Predictions-2014.pdf},
  year          = {2013},
  month         = {dec}
}

@online{erwin_ventir_2014,
	title = {Ventir Trojan Intercepts Keystrokes from Mac {OS} X Computers},
	url = {http://www.intego.com/mac-security-blog/ventir-trojan-intercepts-keystrokes-from-mac-os-x-computers/},
	abstract = {Intego has seen an eyebrow-raising upward trend in the number of malicious files discovered targeting Mac {OS} X in the past few years, and it has many security experts concerned. Virus hunters have ...},
	titleaddon = {The Mac Security Blog},
	author = {Erwin, Derek},
	urldate = {2015-11-18},
	date = {2014-10-23}
}

@online{kuzin_ventir_2014,
	title = {The Ventir Trojan: assemble your {MacOS} spy - Securelist},
	url = {https://securelist.com/blog/research/67267/the-ventir-trojan-assemble-your-macos-spy/},
	titleaddon = {Secure List},
	author = {Kuzin, Mikhail},
	urldate = {2015-11-18},
	date = {2014-10-16},
	file = {The Ventir Trojan\: assemble your MacOS spy - Securelist:/Users/matthewkuo/Library/Application Support/Zotero/Profiles/ai13k31m.default/zotero/storage/PZB6G2K6/the-ventir-trojan-assemble-your-macos-spy.html:text/html}
}

@online{logkext,
	title = {logKext},
	url = {https://github.com/SlEePlEs5/logKext},
	abstract = {An update to fsb's {logKext} tool. Runs on 10.9 Mavericks!},
	titleaddon = {{GitHub}},
	urldate = {2015-11-18},
	file = {Snapshot:/Users/matthewkuo/Library/Application Support/Zotero/Profiles/ai13k31m.default/zotero/storage/UQ4PT2JA/logKext.html:text/html}
}

@online{scharr_ventir,
	title = {New Strain of Mac {OS} X Malware Found},
	url = {http://www.tomsguide.com/us/new-mac-malware,news-19798.html},
	abstract = {Ventir is a new strain of Mac {OS} X malware that bundles in a Trojan, a keylogger and even an open-source component.},
	titleaddon = {Tom's Guide},
	author = {Scharr, Jill},
	urldate = {2015-11-18},
	file = {Snapshot:/Users/matthewkuo/Library/Application Support/Zotero/Profiles/ai13k31m.default/zotero/storage/FRTMH2NJ/new-mac-malware,news-19798.html:text/html}
}

@online{salmela_roll,
	title = {Roll-you-own Ventir Trojan Detector for {OS} X},
	url = {http://jacobsalmela.com/roll-own-ventir-trojan-detection-os-x/},
	abstract = {Get Alerted If Your Computer Gets Infected With The Ventir Trojan With this trick, you can get alerted if your system gets infected and then take steps to manually neutralize it.  The Ventir Trojan…},
	titleaddon = {Jacob Salmela},
	author = {Salmela, Jacob},
	urldate = {2015-11-18},
	file = {Snapshot:/Users/matthewkuo/Library/Application Support/Zotero/Profiles/ai13k31m.default/zotero/storage/GD99F9GG/roll-own-ventir-trojan-detection-os-x.html:text/html}
}
